# manual or report (eher manual) für white papers und working papers
# misc für RFCs

# Instant Messaging
@online{digiKommunikationVeraendert,
  author         = {Nier, Hedda},
  title          = {Wie sich die digitale Kommunikation verändert hat},
  date           = {2017},
  url            = {https://de.statista.com/infografik/11426/wie-sich-die-digitale-kommunikation-veraendert-hat/},
  note           = {Abgerufen am 30.10.2023},
}
# Anforderungsanalyse
@book{Sommerville_AnfAnalyse,
  author         = {Sommerville, Ian},
  publisher      = {Pearson Deutschland},
  title          = {Software Engineering},
  date           = {2018},
  edition        = {10., aktualisierte Auflage},
  isbn           = {978-3-86894-344-3},
}
# Kryptografie
@book{Wong_KryptoPraxis,
  author         = {Wong, David},
  publisher      = {dpunkt.verlag},
  title          = {Kryptografie in der Praxis},
  subtitle       = {Eine Einführung in die bewährten Tools, Frameworks und Protokolle},
  date           = {2023},
  edition        = {1. Auflage},
  isbn           = {978-3-86490-939-9},
}
# Netzwerke, Peer-to-Peer
@book{Luntovskyy_ModRechnernetze,
  author         = {Luntovskyy, Andriy AND Gütter, Dietbert},
  publisher      = {Springer Vieweg Wiesbaden},
  title          = {Moderne Rechnernetze},
  subtitle       = {Protokolle, Standards und Apps in kombinierten drahtgebundenen, mobilen und drahtlosen Netzwerken},
  date           = {2020},
  edition        = {1. Auflage},
  isbn           = {978-3-658-25617-3},
  doi            = {https://doi.org/10.1007/978-3-658-25617-3},
}
@book{Mahlmann_P2PNetzwerke,
  author         = {Mahlmann, Peter AND Schindelhauer, Christian},
  publisher      = {Springer-Verlag Berlin},
  title          = {Peer-to-Peer-Netzwerke},
  date           = {2007},
  edition        = {1. Auflage},
  isbn           = {978-3-540-33991-5},
}
@manual{Maymounkov_Kademlia,
  author       = {Maymounkov, Petar AND Mazières, David},
  title        = {Kademlia: A Peer-to-peer Information System Based on the XOR Metric},
  date         = {2002},
  url          = {https://pdos.csail.mit.edu/~petar/papers/maymounkov-kademlia-lncs.pdf},
}